@article{ogolem_first,
	author="J. M. Dieterich and B. Hartke",
        year="2010",
        journal="Mol. Phys.",
        volume="108",
        pages="279",
}

@article{lj_reparam,
	author="J. M. Dieterich and B. Hartke",
        year="2011",
        journal="J. Comput. Chem.",
        volume="32",
        pages="1377",
}

@article{ogo_switches,
        author="N. O. Carstensen and J. M. Dieterich and B. Hartke",
        year="2011",
        journal="Phys. Chem. Chem. Phys.",
        volume="13",
        pages="2903",
}

@article{kana_dimer,
	author="J. M. Dieterich and U. Gerstel and J.-M. Schr{\"o}der and B. Hartke",
        year="2011",
        journal="J. Mol. Model.",
        volume="17",
        pages="3195",
}

@article{benchmark,
	author="J. M. Dieterich and B. Hartke",
	year="2012",
	journal="Appl. Math.",
	volume="3",
	pages="1552"
}

@article{water_pccp,
	author="U. Buck and C. C. Pradzynski and T. Zeuch and J. M. Dieterich and B. Hartke",
	year="2014",
	journal="Phys. Chem. Chem. Phys.",
	volume="16",
	pages="6859",
}

@article{gdm,
      author="J. M. Dieterich and B. Hartke",
      year="2014",
      journal="J. Comput. Chem.",
      volume="35",
      pages="1618",
}

@article{water_small,
      author="R. M. Forck and J. M. Dieterich and C. C. Pradzynski and A. L. Huchting and T. Zeuch and R. A. Mata",
      year="2012",
      journal="Phys. Chem. Chem. Phys.",
      volume="14",
      pages="9054",
}

@article{cage1,
    author="J. M. Dieterich and G. H. Clever and R. A. Mata",
    year="2012",
    journal="Phys. Chem. Chem. Phys.",
    volume="14",
    pages="12746",
}

@article{cage2,
    author="M. Frank and J. M. Dieterich and S. Freye and R. A. Mata and G. H. Clever",
    year="2013",
    journal="Dalton Trans.",
    volume="42",
    pages="15906",
}

@article{earth,
    author="J. M. Dieterich and S. Gerke and R. A. Mata",
    year="2012",
    journal="J. Atom. Mol. Opt. Phys.",
    volume="2012",
    pages="ID648386"
}

@book{javanumalbook,
        author="H. T. Lau",
        title="A Numerical Library in Java for Scientists {\&} Engineers",
        publisher="CRC Press",
        year="2003",
}

@article{rmi,
   author="J. M. Dieterich and B. Hartke",
   title="An Error-safe, Portable, and Efficient Evolutionary Algorithms Implementation with High Scalability", 
   journal="J. Chem. Theory Comput.", 
   year="2016",
   volume="XX",
   pages="XXXX",
   note="accepted and published online 22-Sept-2016, DOI:10.1021/acs.jctc.6b00716", 
   doi="10.1021/acs.jctc.6b00716"
}
